<?xml version="1.0" encoding="UTF-8"?><record xmlns="http://www.loc.gov/MARC21/slim" xmlns:cinclude="http://apache.org/cocoon/include/1.0" xmlns:zs="http://www.loc.gov/zing/srw/">
  <leader>00519cz  a2200145n  4500</leader>
  <controlfield tag="001">n  00031996 </controlfield>
  <controlfield tag="003">DLC</controlfield>
  <controlfield tag="005">20120315074628.0</controlfield>
  <controlfield tag="008">000622n| acannaabn          |n aaa      </controlfield>
  <datafield tag="010" ind1=" " ind2=" ">
    <subfield code="a">n  00031996 </subfield>
  </datafield>
  <datafield tag="035" ind1=" " ind2=" ">
    <subfield code="a">(OCoLC)oca05246110</subfield>
  </datafield>
  <datafield tag="040" ind1=" " ind2=" ">
    <subfield code="a">DLC</subfield>
    <subfield code="b">eng</subfield>
    <subfield code="c">DLC</subfield>
    <subfield code="d">CSt</subfield>
  </datafield>
  <datafield tag="100" ind1="1" ind2=" ">
    <subfield code="a">Says, Jean-Marie</subfield>
  </datafield>
  <datafield tag="670" ind1=" " ind2=" ">
    <subfield code="a">Lang, Pierre. Les communes françaises, c1998:</subfield>
    <subfield code="b">t.p. (Jean-Marie Says) p. 4 of cover (journaliste)</subfield>
  </datafield>
  <datafield tag="670" ind1=" " ind2=" ">
    <subfield code="a">La Moselle, une rivière européenne, 2010:</subfield>
    <subfield code="b">t.p. (Jean-Marie Says) p. 4 of cover (b. 1948 in Sarralbe)</subfield>
  </datafield>
</record>